<?xml version='1.0' encoding='utf-8'?>
<record xmlns="http://www.loc.gov/MARC21/slim" xmlns:xsi="http://www.w3.org/2001/XMLSchema-instance" xsi:schemaLocation="http://www.loc.gov/MARC21/slim http://www.loc.gov/standards/marcxml/schema/MARC21slim.xsd">
  <leader>00000npca 2200361 a 4500</leader>
  <controlfield tag="005">20130926162604.0</controlfield>
  <controlfield tag="008">100310i19212005miu                 eng d</controlfield>
  <datafield tag="035" ind1=" " ind2=" ">
    <subfield code="a">(OCoLC)550640883</subfield>
  </datafield>
  <datafield tag="035" ind1=" " ind2=" ">
    <subfield code="a">(OCoLC)ocn550640883</subfield>
  </datafield>
  <datafield tag="040" ind1=" " ind2=" ">
    <subfield code="a">BEU</subfield>
    <subfield code="c">BEU</subfield>
    <subfield code="e">dacs</subfield>
  </datafield>
  <datafield tag="049" ind1=" " ind2=" ">
    <subfield code="a">BEUA</subfield>
  </datafield>
  <datafield tag="100" ind1="1" ind2=" ">
    <subfield code="a">Re, Vittorio.</subfield>
  </datafield>
  <datafield tag="245" ind1="0" ind2="0">
    <subfield code="a">Vittorio Re papers,</subfield>
    <subfield code="f">1921-2005.</subfield>
  </datafield>
  <datafield tag="300" ind1=" " ind2=" ">
    <subfield code="a">4.4 linear feet.</subfield>
  </datafield>
  <datafield tag="546" ind1=" " ind2=" ">
    <subfield code="a">In English and Italian.</subfield>
  </datafield>
  <datafield tag="545" ind1="0" ind2=" ">
    <subfield code="a">Chief Chancellor of the Italian Consulate in Detroit, author and lecturer on the history and experiences of the Italian-American community in Michigan, especially Detroit.</subfield>
  </datafield>
  <datafield tag="520" ind1="2" ind2=" ">
    <subfield code="a">Personal and professional correspondence; papers and speeches made as Chief Chancellor of the Italian Consulate; notes and research material relating to the history of Italians in Michigan; collected materials relating to Italian American organizations, events and celebrations, and the people and issues of importance to the Italian community; and miscellaneous photographs.</subfield>
  </datafield>
  <datafield tag="506" ind1=" " ind2=" ">
    <subfield code="a">The collection is open for research use.</subfield>
  </datafield>
  <datafield tag="555" ind1="0" ind2=" ">
    <subfield code="a">Finding aid in the library.</subfield>
  </datafield>
  <datafield tag="555" ind1="0" ind2=" ">
    <subfield code="a">Finding aid available via the World Wide web at URL: http://quod.lib.umich.edu/cgi/f/findaid/findaid-idx?c=bhlead&amp;idno=umich-bhl-2010054</subfield>
  </datafield>
  <datafield tag="500" ind1=" " ind2=" ">
    <subfield code="a">Donor: 10307</subfield>
  </datafield>
  <datafield tag="584" ind1=" " ind2=" ">
    <subfield code="a">No further accruals are expected.</subfield>
  </datafield>
  <datafield tag="600" ind1="1" ind2="0">
    <subfield code="a">Re, Vittorio.</subfield>
  </datafield>
  <datafield tag="600" ind1="1" ind2="0">
    <subfield code="a">DeGaetano, Armand L.</subfield>
  </datafield>
  <datafield tag="600" ind1="1" ind2="0">
    <subfield code="a">Gelli, Giovanni Battista,</subfield>
    <subfield code="d">1498-1563.</subfield>
  </datafield>
  <datafield tag="651" ind1=" " ind2="0">
    <subfield code="a">Detroit (Mich.)</subfield>
  </datafield>
  <datafield tag="610" ind1="2" ind2="0">
    <subfield code="a">American Italian Historical Association.</subfield>
  </datafield>
  <datafield tag="610" ind1="2" ind2="0">
    <subfield code="a">Italian American Cultural Society (Mich.)</subfield>
  </datafield>
  <datafield tag="650" ind1=" " ind2="0">
    <subfield code="a">Columbus Day.</subfield>
  </datafield>
  <datafield tag="650" ind1=" " ind2="0">
    <subfield code="a">Italian Americans</subfield>
    <subfield code="z">Michigan.</subfield>
  </datafield>
  <datafield tag="650" ind1=" " ind2="0">
    <subfield code="a">Italian Americans</subfield>
    <subfield code="z">Michigan</subfield>
    <subfield code="z">Detroit.</subfield>
  </datafield>
  <datafield tag="650" ind1=" " ind2="0">
    <subfield code="a">Organized crime</subfield>
    <subfield code="z">Michigan</subfield>
    <subfield code="z">Detroit.</subfield>
  </datafield>
  <datafield tag="655" ind1=" " ind2="7">
    <subfield code="a">Audiotapes.</subfield>
    <subfield code="2">aat</subfield>
  </datafield>
  <datafield tag="655" ind1=" " ind2="7">
    <subfield code="a">Photographs.</subfield>
    <subfield code="2">aat</subfield>
  </datafield>
  <datafield tag="852" ind1=" " ind2=" ">
    <subfield code="b">Bentley Historical Library,</subfield>
    <subfield code="a">University of Michigan,</subfield>
    <subfield code="e">Ann Arbor, Michigan 48109-2113</subfield>
  </datafield>
  <datafield tag="856" ind1="4" ind2="2">
    <subfield code="u">http://quod.lib.umich.edu/cgi/f/findaid/findaid-idx?c=bhlead&amp;idno=umich-bhl-2010054</subfield>
    <subfield code="3">Finding Aid:</subfield>
  </datafield>
  <datafield tag="997" ind1=" " ind2=" ">
    <subfield code="a">MARS</subfield>
  </datafield>
  <datafield tag="998" ind1=" " ind2=" ">
    <subfield code="c">TEP</subfield>
  </datafield>
</record>
